<record><leader>00000cas a22000007a 4500</leader><controlfield tag="001">1769902</controlfield><controlfield tag="008">751101d19501959mnudn ne      0    0eng d</controlfield><datafield ind1=" " ind2=" " tag="010"><subfield code="a">sn 89081019 </subfield></datafield><datafield ind1=" " ind2=" " tag="040"><subfield code="a">MUL</subfield><subfield code="b">eng</subfield><subfield code="c">MUL</subfield><subfield code="d">MN#</subfield><subfield code="d">OCLCQ</subfield><subfield code="d">OCLCF</subfield><subfield code="d">OCLCO</subfield></datafield><datafield ind1="1" ind2=" " tag="029"><subfield code="a">AU@</subfield><subfield code="b">000025885705</subfield></datafield><datafield ind1=" " ind2=" " tag="042"><subfield code="a">msc</subfield></datafield><datafield ind1=" " ind2=" " tag="043"><subfield code="a">n-us-mn</subfield></datafield><datafield ind1=" " ind2=" " tag="052"><subfield code="a">4144</subfield><subfield code="b">W6</subfield></datafield><datafield ind1=" " ind2=" " tag="052"><subfield code="a">4143</subfield><subfield code="b">K4</subfield></datafield><datafield ind1="0" ind2="0" tag="245"><subfield code="a">West central Minnesota daily tribune.</subfield></datafield><datafield ind1=" " ind2=" " tag="260"><subfield code="a">Willmar, Minn. :</subfield><subfield code="b">Tribune Print. Co.,</subfield><subfield code="c">1950-1959.</subfield></datafield><datafield ind1=" " ind2=" " tag="300"><subfield code="a">10 v.</subfield></datafield><datafield ind1=" " ind2=" " tag="310"><subfield code="a">Daily (except Sunday)</subfield></datafield><datafield ind1="0" ind2=" " tag="362"><subfield code="a">Vol. 23, no. 231 (Oct. 2, 1950)-v. 32, no. 1 (Jan. 2, 1959).</subfield></datafield><datafield ind1=" " ind2=" " tag="530"><subfield code="a">Available on microfilm from the Minnesota Historical Society.</subfield></datafield><datafield ind1=" " ind2="0" tag="651"><subfield code="a">Willmar (Minn.)</subfield><subfield code="v">Newspapers.</subfield></datafield><datafield ind1=" " ind2="7" tag="655"><subfield code="a">Newspapers.</subfield><subfield code="2">fast</subfield><subfield code="0">(OCoLC)fst01423814</subfield></datafield><datafield ind1=" " ind2="7" tag="651"><subfield code="a">Minnesota</subfield><subfield code="z">Willmar.</subfield><subfield code="2">fast</subfield><subfield code="0">(OCoLC)fst01203392</subfield></datafield><datafield ind1=" " ind2=" " tag="752"><subfield code="a">United States</subfield><subfield code="b">Minnesota</subfield><subfield code="c">Kandiyohi</subfield><subfield code="d">Willmar.</subfield></datafield><datafield ind1="0" ind2="0" tag="780"><subfield code="t">Willmar daily tribune</subfield><subfield code="w">(DLC)sn 89081018</subfield></datafield><datafield ind1="0" ind2="0" tag="785"><subfield code="t">West central daily tribune</subfield><subfield code="w">(DLC)sn 89081020</subfield></datafield></record>